<record><leader>00000cas a22000007a 4500</leader><controlfield tag="001">16639680</controlfield><controlfield tag="008">870903c19749999iauwr ne      0    0eng d</controlfield><datafield ind1=" " ind2=" " tag="010"><subfield code="a">sn 87058477 </subfield></datafield><datafield ind1=" " ind2=" " tag="040"><subfield code="a">INP</subfield><subfield code="b">eng</subfield><subfield code="c">INP</subfield><subfield code="d">OCLCQ</subfield></datafield><datafield ind1=" " ind2=" " tag="019"><subfield code="a">793342175</subfield></datafield><datafield ind1=" " ind2=" " tag="042"><subfield code="a">msc</subfield></datafield><datafield ind1="0" ind2="4" tag="245"><subfield code="a">The Ruthven zipcode.</subfield></datafield><datafield ind1="3" ind2="0" tag="246"><subfield code="a">Zipcode</subfield></datafield><datafield ind1=" " ind2=" " tag="260"><subfield code="a">[Ruthven, Iowa] :</subfield><subfield code="b">James A. Wilson,</subfield><subfield code="c">1974-</subfield></datafield><datafield ind1=" " ind2=" " tag="300"><subfield code="a">v.</subfield></datafield><datafield ind1=" " ind2=" " tag="310"><subfield code="a">Weekly</subfield></datafield><datafield ind1="0" ind2=" " tag="362"><subfield code="a">[Vol. 6, no. 1] (Jan. 10, 1974)-</subfield></datafield><datafield ind1=" " ind2=" " tag="515"><subfield code="a">Vol. 6, no. 1 (Jan. 10, 1974) misnumbered Vol. 7, no. 1.</subfield></datafield><datafield ind1=" " ind2=" " tag="752"><subfield code="a">United States</subfield><subfield code="b">Iowa</subfield><subfield code="c">Palo Alto</subfield><subfield code="d">Ruthven.</subfield></datafield><datafield ind1="0" ind2="0" tag="780"><subfield code="t">Ruthven zipcode 51358</subfield><subfield code="w">(DLC)sn 87058476</subfield></datafield></record>